@ARTICLE{AL1998,
       author = {{Alard}, C. and {Lupton}, Robert H.},
        title = "{A Method for Optimal Image Subtraction}",
      journal = {\apj},
     keywords = {METHODS: DATA ANALYSIS, METHODS: STATISTICAL, TECHNIQUES: IMAGE PROCESSING, Methods: Data Analysis, Methods: Statistical, Techniques: Image Processing, Astrophysics},
         year = 1998,
        month = aug,
       volume = {503},
       number = {1},
        pages = {325-331},
          doi = {10.1086/305984},
archivePrefix = {arXiv},
       eprint = {astro-ph/9712287},
 primaryClass = {astro-ph},
       adsurl = {https://ui.adsabs.harvard.edu/abs/1998ApJ...503..325A},
      adsnote = {Provided by the SAO/NASA Astrophysics Data System}
}


@ARTICLE{ZOGY2016,
       author = {{Zackay}, Barak and {Ofek}, Eran O. and {Gal-Yam}, Avishay},
        title = "{Proper Image Subtraction{\textemdash}Optimal Transient Detection, Photometry, and Hypothesis Testing}",
      journal = {\apj},
     keywords = {gravitational lensing: micro, methods: data analysis, methods: statistical, surveys, techniques: image processing, techniques: photometric, Astrophysics - Instrumentation and Methods for Astrophysics},
         year = 2016,
        month = oct,
       volume = {830},
       number = {1},
          eid = {27},
        pages = {27},
          doi = {10.3847/0004-637X/830/1/27},
archivePrefix = {arXiv},
       eprint = {1601.02655},
 primaryClass = {astro-ph.IM},
       adsurl = {https://ui.adsabs.harvard.edu/abs/2016ApJ...830...27Z},
      adsnote = {Provided by the SAO/NASA Astrophysics Data System}
}

